@BOOK{book:android44,
title={Android 4.4: Programmieren für Smartphones und Tablets - Grundlagen und fortgeschrittene Techniken},
author={Arno Becker and Marcus Pant},
publisher={dpunkt.verlag GmbH},
year={2013},
month={12},
edition={3., erw. und akt. Aufl.},
isbn={9783898648097},
url={http://amazon.de/o/ASIN/3898648095/},
price={EUR 39,90},
totalpages={554},
timestamp={2014.09.03},
}

@BOOK{book:angewandte-krypto,
title={Angewandte Kryptographie . Protokolle, Algorithmen und Sourcecode in C (Informationssicherheit)},
author={Bruce Schneier},
publisher={Addison-Wesley},
year={1996},
month={5},
edition={5. Aufl.},
isbn={9783893198542},
url={http://amazon.de/o/ASIN/3893198547/},
price={EUR 59,95},
totalpages={888},
timestamp={2014.09.04},
}

@BOOK{book:practical-crypto,
title={Practical Cryptography (Computer Science)},
author={Niels Ferguson and Bruce Schneier},
publisher={John Wiley & Sons},
year={2003},
month={4},
edition={1. Auflage},
isbn={9780471223573},
url={http://amazon.de/o/ASIN/0471223573/},
price={EUR 40,74},
totalpages={432},
timestamp={2014.09.04},
}

@BOOK{book:it-sicherheit,
	AUTHOR = {Eckert, Claudia},
	YEAR = {2011},
	TITLE = {IT-Sicherheit - Konzepte - Verfahren - Protokolle},
	EDITION = {überarbeitete und erweiterte Auflage},
	ISBN = {978-3-486-70687-1},
	PUBLISHER = {Oldenbourg Verlag},
	ADDRESS = {MÃ¼nchen},
}

@BOOK{book:understanding-crypto,
	AUTHOR = {Preneel, Bart AND Paar, Christof AND Pelzl, Jan},
	YEAR = {2009},
	TITLE = {Understanding Cryptography - A Textbook for Students and Practitioners},
	EDITION = {},
	ISBN = {978-3-642-04101-3},
	PUBLISHER = {Springer Science & Business Media},
	ADDRESS = {Berlin Heidelberg},
}

@misc{website:bitkom-verschl,
      author = "BITKOM",
      title = "NSA-Affäre bringt Verschlüsselung in Mode",
      month = "Dezember",
      year = "2013",
      howpublished = {\url{http://www.bitkom.org/files/documents/BITKOM-Presseinfo_Verschluesselung_18_12_2013_v2(1).pdf}},
      note = {letzter Zugriff: 04.09.2014}
},

@misc{website:dropbox-help,
      author = "Dropbox",
      title = "Dropbox Hilfe-Seite",
      howpublished = {\url{https://www.dropbox.com/help/27/de}},
      note = {letzter Zugriff: 04.09.2014}
},

@misc{website:dropbox-main,
      author = "Dropbox",
      title = "Dropbox",
      howpublished = {\url{https://www.dropbox.com}},
      note = {letzter Zugriff: 04.09.2014}
},

@misc{website:oha-main,
      author = "openhandsetalliance",
      title = "Openhandsetalliance",
      howpublished = {\url{http://www.openhandsetalliance.com/index.html}},
      note = {letzter Zugriff: 04.09.2014}
},

@misc{picture:smarphone-user,
      author = "Statista",
      title = "Anzahl der Smartphone-Nutzer in Deutschland in den Jahren 2009 bis 2014 (in Millionen) ",
      howpublished = {\url{http://de.statista.com/statistik/daten/studie/198959/umfrage/anzahl-der-smartphonenutzer-in-deutschland-seit-2010/}},
      note = {letzter Zugriff: 04.09.2014}
},

@misc{picture:android-vers,
      author = "Statista",
      title = "Anteil der verschiedenen Android-Versionen an allen Geräten mit Android OS weltweit im Zeitraum 06. bis 12. August 2014 ",
      howpublished = {\url{http://de.statista.com/statistik/daten/studie/180113/umfrage/anteil-der-verschiedenen-android-versionen-auf-geraeten-mit-android-os/}},
      note = {letzter Zugriff: 04.09.2014}
},

@misc{picture:cryptoprovider,
      author = "Stackoverflow",
      title = "What crypto algroithms does Android Support",
      howpublished = {\url{http://stackoverflow.com/questions/7560974/what-crypto-algroithms-does-android-support}},
      note = {letzter Zugriff: 04.09.2014}
},

@misc{website:duden-crypto,
      author = "Duden",
      title = "Krypto",
      howpublished = {\url{http://www.duden.de/rechtschreibung/krypto_}},
      note = {letzter Zugriff: 04.09.2014}
},

@misc{website:duden-logie,
      author = "Duden",
      title = "Logie",
      howpublished = {\url{http://www.duden.de/rechtschreibung/_logie}},
      note = {letzter Zugriff: 04.09.2014}
},

@misc{website:twitter-appelbaum,
      author = "Jacob Appelbaum",
      title = "RC4 Broken",
      howpublished = {\url{https://twitter.com/ioerror/status/398059565947699200}},
      note = {letzter Zugriff: 04.09.2014}
},

@misc{website:schneier-breaking-most-enc,
      author = "Bruce Schneier",
      title = "The NSA Is Breaking Most Encryption on the Internet",
      howpublished = {\url{https://www.schneier.com/blog/archives/2013/09/the_nsa_is_brea.html}},
      note = {letzter Zugriff: 04.09.2014}
},

@misc{website:heise-nsa,
      author = "Heise",
      title = "NSA entschlüsselt Webserver-Daten angeblich in Echtzeit",
      howpublished = {\url{http://www.heise.de/newsticker/meldung/NSA-entschluesselt-Webserver-Daten-angeblich-in-Echtzeit-2041383.html}},
      note = {letzter Zugriff: 04.09.2014}
},

@misc{website:golem-rc4,
      author = "Golem",
      title = "RC4 - schnell, einfach - und unsicher?",
      howpublished = {\url{http://www.golem.de/news/verschluesselung-was-noch-sicher-ist-1309-101457-2.html}},
      note = {letzter Zugriff: 04.09.2014}
},

@misc{website:theregister-rc4,
      author = "TheRegister",
      title = "That earth-shattering NSA crypto-cracking: Have spooks smashed RC4?",
      howpublished = {\url{http://www.theregister.co.uk/2013/09/06/nsa_cryptobreaking_bullrun_analysis/}},
      note = {letzter Zugriff: 04.09.2014}
},

@misc{website:bsi-rc4,
      author = "Bundesamt für Sicherheit in der Informationstechnik",
      title = "Kryptographische Verfahren:Empfehlungen und Schlüssellängen",
      howpublished = {\url{https://www.bsi.bund.de/SharedDocs/Downloads/DE/BSI/Publikationen/TechnischeRichtlinien/TR02102/BSI-TR-02102-2_pdf.pdf?__blob=publicationFile}},
      note = {letzter Zugriff: 04.09.2014}
},

@misc{website:compworld-schneier,
      author = "Computerworld",
      title = "Bruce Almighty: Schneier preaches security to Linux faithful",
      howpublished = {\url{http://www.computerworld.com.au/article/46254/bruce_almighty_schneier_preaches_security_linux_faithful/?pp=3}},
      note = {letzter Zugriff: 04.09.2014}
},